@article{pan1985real,
  title={A real-time QRS detection algorithm},
  author={Pan, Jiapu and Tompkins, Willis J},
  journal={Biomedical Engineering, IEEE Transactions on},
  number={3},
  pages={230--236},
  year={1985},
  publisher={IEEE}
}

@inproceedings{rahman2011algorithm,
  title={An algorithm for detection of arrhythmia},
  author={Rahman, Mujeeb and Nasor, Mohamed},
  booktitle={Biomedical Engineering (MECBME), 2011 1st Middle East Conference on},
  pages={243--246},
  year={2011},
  organization={IEEE}
}

